@book{wood2013power,
  title={Power Generation, Operation, and Control},
  author={Wood, Allen J and Wollenberg, Bruce F and Sheblé, Gerald B},
  year={2013},
  publisher={John Wiley \& Sons}
}

@article{dc_opf,
  title={DC Power Flow in Analysis of Power Networks},
  author={Stott, B and Jardim, J and Alsaç, O},
  journal={IEEE Transactions on Power Systems},
  volume={24},
  number={3},
  pages={1290--1300},
  year={2009}
}

@techreport{andersson2004power,
  title={Modelling and Analysis of Electric Power Systems},
  author={Andersson, G{\"o}ran},
  institution={ETH Z{\"u}rich},
  type={Lecture Notes},
  number={227-0526-00},
  address={Z{\"u}rich, Switzerland},
  year={2004},
  month={March},
  note={Power Systems Laboratory, ETH Z{\"u}rich}
}

@misc{pso_course2024,
  title={Power Systems Optimization Course Materials},
  author={Davidson, Michael and Jenkins, Jesse},
  year={2024},
  url={https://github.com/Power-Systems-Optimization-Course/power-systems-optimization},
  note={Course materials for MAE/ENE 539 at Princeton and MAE 243 at UC San Diego},
  urldate={2024-03-21}
}

@misc{matpower2024,
  title={MATPOWER Documentation},
  author={{MATPOWER Development Team}},
  year={2024},
  url={https://matpower.org/docs/ref/matpower5.0/menu5.0.html},
  note={MATPOWER: A MATLAB Power System Simulation Package},
  urldate={2024-03-21}
}

@article{PyPSA,
   author = {T. Brown and J. H\"orsch and D. Schlachtberger},
   title = {{PyPSA: Python for Power System Analysis}},
   journal = {Journal of Open Research Software},
   volume = {6},
   issue = {1},
   number = {4},
   year = {2018},
   eprint = {1707.09913},
   url = {https://doi.org/10.5334/jors.188},
   doi = {10.5334/jors.188}
}

@article{forrest2018cbc,
    title = {CBC User Guide},
    author = {Forrest, John and Lougee-Heimer, Robin},
    year = {2018},
    journal = {COIN-OR Foundation},
    url = {https://github.com/coin-or/Cbc},
    note = {Open-source mixed integer programming solver}
}

@article{mitchell2011pulp,
    title = {PuLP: A Linear Programming Toolkit for Python},
    author = {Mitchell, Stuart and O'Sullivan, Michael and Dunning, Iain},
    year = {2011},
    journal = {Optimization Online},
    url = {https://optimization-online.org/2011/09/3178/},
    note = {Software package}
}

@misc{predictive_modeling_notes,
    title = {Predictive Modeling: Lecture Notes},
    author = {Birbaumer, Mirko and Frick, Klaus and B{\"u}chel, Peter and van Hemert, Simon},
    year = {2022},
    institution = {Luzern Hochschule},
    note = {Unpublished lecture notes}
}

@misc{optimization_notes,
    title = {Linear and Integer Linear Optimization},
    author = {Klinkert, Andreas and Fusek, Peter and B{\"u}tikofer, Stephan},
    year = {2024},
    institution = {Zurich University of Applied Sciences},
    organization = {Institute of Data Analysis and Process Design},
    address = {Technikumstrasse 81, CH-8401 Winterthur},
    note = {Lecture notes for MSE Module FTP Optimiz C},
    version = {13.02.2024}
}

@techreport{swiss_infrastructure_2010,
    title = {Zukunft der nationalen {Infrastrukturnetze} in der {Schweiz}},
    author = {{Schweizerische Eidgenossenschaft}},
    institution = {GS-UVEK},
    type = {Bericht des Bundesrates},
    year = {2010},
    month = {September},
    address = {Bern, Switzerland},
    language = {german}
}

@techreport{irena2023costs,
    title = {Renewable power generation costs in 2022},
    author = {{IRENA}},
    institution = {International Renewable Energy Agency},
    year = {2023},
    address = {Abu Dhabi}
}

@misc{openai_api_docs,
    title = {OpenAI API Quickstart},
    author = {{OpenAI}},
    year = {2024},
    url = {https://platform.openai.com/docs/quickstart},
    note = {API documentation and getting started guide}
}

@misc{renewables_ninja,
    title = {Renewables.ninja},
    author = {Pfenninger, Stefan and Staffell, Iain},
    year = {2024},
    url = {https://www.renewables.ninja/},
    note = {Web application for simulating renewable energy production}
}

@article{grzebyk2021xgboost,
  title={Day-ahead photovoltaic power forecasting using XGBoost and weather data},
  author={Grzebyk, M and Szymanski, G and Zajac, P},
  journal={Energies},
  volume={14},
  number={4},
  pages={1012},
  year={2021},
  doi={10.3390/en14041012}
}

@article{zhong2020xgboost,
  title={Day-ahead solar power prediction based on XGBoost and LSTM},
  author={Zhong, Y and Wu, Q},
  journal={Energy Reports},
  volume={6},
  pages={767--774},
  year={2020},
  doi={10.1016/j.egyr.2020.03.011}
}

@misc{scikit-learn,
  title={Scikit-learn: Machine Learning in Python},
  author={Pedregosa, F and Varoquaux, G and Gramfort, A and Michel, V and Thirion, B and Grisel, O and Blondel, M and Prettenhofer, P and Weiss, R and Dubourg, V and Vanderplas, J and Passos, A and Cournapeau, D and Brucher, M and Perrot, M and Duchesnay, E},
  year={2011},
  note={Journal of Machine Learning Research, 12, pp. 2825-2830},
  url={https://scikit-learn.org/}
}

@misc{mittelmann2023benchmarks,
  title={Benchmarks for Optimization Software},
  author={Mittelmann, Hans D.},
  year={2023},
  url={http://plato.asu.edu/bench.html},
  note={Accessed 2024-06-15}
}

@article{brown2018pypsa,
  title={PyPSA: Python for Power System Analysis},
  author={Brown, T and H{\"o}rsch, J and Schlachtberger, D},
  journal={Journal of Open Research Software},
  volume={6},
  number={1},
  pages={4},
  year={2018},
  doi={10.5334/jors.188}
}

@misc{stackexchange2018stacking,
  title={How to apply stacking cross-validation for time series data},
  author={{Data Science Stack Exchange}},
  year={2018},
  url={https://datascience.stackexchange.com/questions/41378/how-to-apply-stacking-cross-validation-for-time-series-data},
  note={Accessed 2024-06-15}
}

@misc{mckinsey2023electricity,
  title={Electricity demand in Europe: Growing or going?},
  author={McKinsey \& Company},
  year={2023},
  url={https://www.mckinsey.com/industries/electric-power-and-natural-gas/our-insights/electricity-demand-in-europe-growing-or-going},
  note={Accessed 2024-06-15}
}

@misc{ibm2022cplexpython,
  title={Starting CPLEX with the Python API},
  author={IBM Documentation},
  year={2022},
  url={https://www.ibm.com/docs/en/icos/22.1.0?topic=tutorial-starting-cplex-python-api},
  note={Accessed 2024-06-15}
}

@inproceedings{seabold2010statsmodels,
  title={statsmodels: Econometric and statistical modeling with python},
  author={Seabold, Skipper and Perktold, Josef},
  booktitle={9th Python in Science Conference},
  year={2010}
}


@article{head2018scikitoptimize,
  title={Scikit-Optimize: Sequential model-based optimization with Scipy, Scikit-Learn and Matplotlib},
  author={Head, Tim and MechCoder and Louppe, Gilles and Shcherbatyi, Iaroslav and fcharras and others},
  journal={Journal of Open Source Software},
  volume={3},
  number={30},
  pages={1014},
  year={2018}
}

@article{holmgren2018pvlib,
  title={pvlib python: a python package for modeling solar energy systems},
  author={Holmgren, William F. and Hansen, Clifford W. and Mikofski, Mark A.},
  journal={Journal of Open Source Software},
  volume={3},
  number={29},
  pages={884},
  year={2018}
}

@inproceedings{mckinney-proc-scipy-2010,
  author    = {Wes McKinney},
  title     = {Data Structures for Statistical Computing in Python},
  booktitle = {Proceedings of the 9th Python in Science Conference},
  pages     = {56--61},
  year      = {2010},
  editor    = {Stefan van der Walt and Jarrod Millman}
}

@article{harris2020array,
  title={Array programming with NumPy},
  author={Harris, Charles R. and Millman},
  journal={Nature},
  volume={585},
  pages={357--362},
  year={2020},
  doi={10.1038/s41586-020-2649-2}
}

@article{akiba2019optuna,
  title={Optuna: A next-generation hyperparameter optimization framework},
  author={Akiba, Takuya and Sano, Shotaro and Yanase, Toshihiko and Ohta, Takeru and Koyama, Masanori},
  journal={Proceedings of the 25th ACM SIGKDD International Conference on Knowledge Discovery and Data Mining},
  pages={2623--2631},
  year={2019}
}